@article{lyubimov2007dynamics,
  title={Dynamics of the intraocular fluid: Mathematical model and its main consequences},
  author={Lyubimov, GA and Moiseeva, IN and Stein, AA},
  journal={Fluid Dynamics},
  volume={42},
  number={5},
  pages={684--694},
  year={2007},
  publisher={Springer}
}
@article{bill1975blood,
  title={Blood circulation and fluid dynamics in the eye},
  author={Bill, ANDERS},
  journal={Physiological reviews},
  volume={55},
  number={3},
  pages={383--417},
  year={1975},
  publisher={Am Physiological Soc}
}
@article{to2002mechanism,
  title={The mechanism of aqueous humour formation},
  author={To, Chi-ho and Kong, Chi-wing and Chan, Chu-yan and Shahidullah, Mohammad and Do, Chi-wai},
  journal={Clinical and Experimental Optometry},
  volume={85},
  number={6},
  pages={335--349},
  year={2002},
  publisher={Wiley Online Library}
}
